%YAML 1.1
%TAG !u! tag:unity3d.com,2011:
--- !u!1 &1071789474707720
GameObject:
  m_ObjectHideFlags: 0
  m_CorrespondingSourceObject: {fileID: 0}
  m_PrefabInstance: {fileID: 0}
  m_PrefabAsset: {fileID: 0}
  serializedVersion: 6
  m_Component:
  - component: {fileID: 4326186805171968}
  m_Layer: 0
  m_Name: TopAttachPoint
  m_TagString: Untagged
  m_Icon: {fileID: 0}
  m_NavMeshLayer: 0
  m_StaticEditorFlags: 0
  m_IsActive: 1
--- !u!4 &4326186805171968
Transform:
  m_ObjectHideFlags: 0
  m_CorrespondingSourceObject: {fileID: 0}
  m_PrefabInstance: {fileID: 0}
  m_PrefabAsset: {fileID: 0}
  m_GameObject: {fileID: 1071789474707720}
  m_LocalRotation: {x: -0, y: -0, z: -0, w: 1}
  m_LocalPosition: {x: 0, y: 0, z: 0.5}
  m_LocalScale: {x: 1, y: 0.99999994, z: 1}
  m_Children: []
  m_Father: {fileID: 4806740893523024}
  m_RootOrder: 1
  m_LocalEulerAnglesHint: {x: 0, y: 0, z: 0}
--- !u!1 &1265375499759850
GameObject:
  m_ObjectHideFlags: 0
  m_CorrespondingSourceObject: {fileID: 0}
  m_PrefabInstance: {fileID: 0}
  m_PrefabAsset: {fileID: 0}
  serializedVersion: 6
  m_Component:
  - component: {fileID: 4806740893523024}
  - component: {fileID: 33316554082347264}
  - component: {fileID: 23322741851973014}
  - component: {fileID: 65934703456370436}
  m_Layer: 0
  m_Name: Column
  m_TagString: Untagged
  m_Icon: {fileID: 0}
  m_NavMeshLayer: 0
  m_StaticEditorFlags: 0
  m_IsActive: 1
--- !u!4 &4806740893523024
Transform:
  m_ObjectHideFlags: 0
  m_CorrespondingSourceObject: {fileID: 0}
  m_PrefabInstance: {fileID: 0}
  m_PrefabAsset: {fileID: 0}
  m_GameObject: {fileID: 1265375499759850}
  m_LocalRotation: {x: -0, y: -0, z: -0, w: 1}
  m_LocalPosition: {x: -0.5, y: 0, z: 0}
  m_LocalScale: {x: 1, y: 1, z: 1}
  m_Children:
  - {fileID: 4788634545346398}
  - {fileID: 4326186805171968}
  m_Father: {fileID: 4376852030262996}
  m_RootOrder: 0
  m_LocalEulerAnglesHint: {x: 0, y: 0, z: 0}
--- !u!33 &33316554082347264
MeshFilter:
  m_ObjectHideFlags: 0
  m_CorrespondingSourceObject: {fileID: 0}
  m_PrefabInstance: {fileID: 0}
  m_PrefabAsset: {fileID: 0}
  m_GameObject: {fileID: 1265375499759850}
  m_Mesh: {fileID: 10202, guid: 0000000000000000e000000000000000, type: 0}
--- !u!23 &23322741851973014
MeshRenderer:
  m_ObjectHideFlags: 0
  m_CorrespondingSourceObject: {fileID: 0}
  m_PrefabInstance: {fileID: 0}
  m_PrefabAsset: {fileID: 0}
  m_GameObject: {fileID: 1265375499759850}
  m_Enabled: 1
  m_CastShadows: 1
  m_ReceiveShadows: 1
  m_DynamicOccludee: 1
  m_MotionVectors: 1
  m_LightProbeUsage: 1
  m_ReflectionProbeUsage: 1
  m_RenderingLayerMask: 4294967295
  m_RendererPriority: 0
  m_Materials:
  - {fileID: 2100000, guid: 648d79072cf0e24449e397e263091282, type: 2}
  m_StaticBatchInfo:
    firstSubMesh: 0
    subMeshCount: 0
  m_StaticBatchRoot: {fileID: 0}
  m_ProbeAnchor: {fileID: 0}
  m_LightProbeVolumeOverride: {fileID: 0}
  m_ScaleInLightmap: 1
  m_ReceiveGI: 1
  m_PreserveUVs: 0
  m_IgnoreNormalsForChartDetection: 0
  m_ImportantGI: 0
  m_StitchLightmapSeams: 0
  m_SelectedEditorRenderState: 3
  m_MinimumChartSize: 4
  m_AutoUVMaxDistance: 0.5
  m_AutoUVMaxAngle: 89
  m_LightmapParameters: {fileID: 0}
  m_SortingLayerID: 0
  m_SortingLayer: 0
  m_SortingOrder: 0
--- !u!65 &65934703456370436
BoxCollider:
  m_ObjectHideFlags: 0
  m_CorrespondingSourceObject: {fileID: 0}
  m_PrefabInstance: {fileID: 0}
  m_PrefabAsset: {fileID: 0}
  m_GameObject: {fileID: 1265375499759850}
  m_Material: {fileID: 13400000, guid: e72f213bd872f44429311f6a8537a8b2, type: 2}
  m_IsTrigger: 0
  m_Enabled: 1
  serializedVersion: 2
  m_Size: {x: 1, y: 1, z: 1}
  m_Center: {x: 0, y: 0, z: 0}
--- !u!1 &1553088949057044
GameObject:
  m_ObjectHideFlags: 0
  m_CorrespondingSourceObject: {fileID: 0}
  m_PrefabInstance: {fileID: 0}
  m_PrefabAsset: {fileID: 0}
  serializedVersion: 6
  m_Component:
  - component: {fileID: 4788634545346398}
  m_Layer: 0
  m_Name: LeftAttachPoint
  m_TagString: Untagged
  m_Icon: {fileID: 0}
  m_NavMeshLayer: 0
  m_StaticEditorFlags: 0
  m_IsActive: 1
--- !u!4 &4788634545346398
Transform:
  m_ObjectHideFlags: 0
  m_CorrespondingSourceObject: {fileID: 0}
  m_PrefabInstance: {fileID: 0}
  m_PrefabAsset: {fileID: 0}
  m_GameObject: {fileID: 1553088949057044}
  m_LocalRotation: {x: -0, y: -0, z: -0, w: 1}
  m_LocalPosition: {x: -0.5, y: 0, z: 0}
  m_LocalScale: {x: 1, y: 1, z: 1}
  m_Children: []
  m_Father: {fileID: 4806740893523024}
  m_RootOrder: 0
  m_LocalEulerAnglesHint: {x: 0, y: 0, z: 0}
--- !u!1 &1925687982442354
GameObject:
  m_ObjectHideFlags: 0
  m_CorrespondingSourceObject: {fileID: 0}
  m_PrefabInstance: {fileID: 0}
  m_PrefabAsset: {fileID: 0}
  serializedVersion: 6
  m_Component:
  - component: {fileID: 4376852030262996}
  - component: {fileID: 65975752236451450}
  - component: {fileID: 114650603872153106}
  - component: {fileID: 54166096407557934}
  m_Layer: 0
  m_Name: LeftColumn
  m_TagString: Column
  m_Icon: {fileID: 0}
  m_NavMeshLayer: 0
  m_StaticEditorFlags: 0
  m_IsActive: 1
--- !u!4 &4376852030262996
Transform:
  m_ObjectHideFlags: 0
  m_CorrespondingSourceObject: {fileID: 0}
  m_PrefabInstance: {fileID: 0}
  m_PrefabAsset: {fileID: 0}
  m_GameObject: {fileID: 1925687982442354}
  m_LocalRotation: {x: 0, y: 0, z: 0, w: 1}
  m_LocalPosition: {x: -0.5, y: 0, z: 3.25}
  m_LocalScale: {x: 0.5, y: 0.2, z: 0.5}
  m_Children:
  - {fileID: 4806740893523024}
  - {fileID: 6449991167520599309}
  m_Father: {fileID: 0}
  m_RootOrder: 0
  m_LocalEulerAnglesHint: {x: 0, y: 0, z: 0}
--- !u!65 &65975752236451450
BoxCollider:
  m_ObjectHideFlags: 0
  m_CorrespondingSourceObject: {fileID: 0}
  m_PrefabInstance: {fileID: 0}
  m_PrefabAsset: {fileID: 0}
  m_GameObject: {fileID: 1925687982442354}
  m_Material: {fileID: 0}
  m_IsTrigger: 1
  m_Enabled: 1
  serializedVersion: 2
  m_Size: {x: 1.2089145, y: 1.3451769, z: 1.205862}
  m_Center: {x: -0.51295197, y: 0.03094051, z: 0.00021886826}
--- !u!114 &114650603872153106
MonoBehaviour:
  m_ObjectHideFlags: 0
  m_CorrespondingSourceObject: {fileID: 0}
  m_PrefabInstance: {fileID: 0}
  m_PrefabAsset: {fileID: 0}
  m_GameObject: {fileID: 1925687982442354}
  m_Enabled: 1
  m_EditorHideFlags: 0
  m_Script: {fileID: 11500000, guid: efd1b96bb7dfabb4bae31f6ebb25aaf0, type: 3}
  m_Name: 
  m_EditorClassIdentifier: 
  fallDelay: 0.01
--- !u!54 &54166096407557934
Rigidbody:
  m_ObjectHideFlags: 0
  m_CorrespondingSourceObject: {fileID: 0}
  m_PrefabInstance: {fileID: 0}
  m_PrefabAsset: {fileID: 0}
  m_GameObject: {fileID: 1925687982442354}
  serializedVersion: 2
  m_Mass: 1
  m_Drag: 0
  m_AngularDrag: 0.05
  m_UseGravity: 1
  m_IsKinematic: 1
  m_Interpolate: 0
  m_Constraints: 122
  m_CollisionDetection: 0
--- !u!1001 &1709851779006595923
PrefabInstance:
  m_ObjectHideFlags: 0
  serializedVersion: 2
  m_Modification:
    m_TransformParent: {fileID: 4376852030262996}
    m_Modifications:
    - target: {fileID: 5636366986569772638, guid: fda7b8731e134864ba09c82182fed90c,
        type: 3}
      propertyPath: m_LocalPosition.x
      value: -0.49440002
      objectReference: {fileID: 0}
    - target: {fileID: 5636366986569772638, guid: fda7b8731e134864ba09c82182fed90c,
        type: 3}
      propertyPath: m_LocalPosition.y
      value: 1.0925388
      objectReference: {fileID: 0}
    - target: {fileID: 5636366986569772638, guid: fda7b8731e134864ba09c82182fed90c,
        type: 3}
      propertyPath: m_LocalPosition.z
      value: -0.00059986115
      objectReference: {fileID: 0}
    - target: {fileID: 5636366986569772638, guid: fda7b8731e134864ba09c82182fed90c,
        type: 3}
      propertyPath: m_LocalRotation.x
      value: 0.0006932971
      objectReference: {fileID: 0}
    - target: {fileID: 5636366986569772638, guid: fda7b8731e134864ba09c82182fed90c,
        type: 3}
      propertyPath: m_LocalRotation.y
      value: 0.40700784
      objectReference: {fileID: 0}
    - target: {fileID: 5636366986569772638, guid: fda7b8731e134864ba09c82182fed90c,
        type: 3}
      propertyPath: m_LocalRotation.z
      value: 0.0015559244
      objectReference: {fileID: 0}
    - target: {fileID: 5636366986569772638, guid: fda7b8731e134864ba09c82182fed90c,
        type: 3}
      propertyPath: m_LocalRotation.w
      value: 0.9134232
      objectReference: {fileID: 0}
    - target: {fileID: 5636366986569772638, guid: fda7b8731e134864ba09c82182fed90c,
        type: 3}
      propertyPath: m_RootOrder
      value: 1
      objectReference: {fileID: 0}
    - target: {fileID: 5636366986569772638, guid: fda7b8731e134864ba09c82182fed90c,
        type: 3}
      propertyPath: m_LocalEulerAnglesHint.x
      value: 0
      objectReference: {fileID: 0}
    - target: {fileID: 5636366986569772638, guid: fda7b8731e134864ba09c82182fed90c,
        type: 3}
      propertyPath: m_LocalEulerAnglesHint.y
      value: 48.034
      objectReference: {fileID: 0}
    - target: {fileID: 5636366986569772638, guid: fda7b8731e134864ba09c82182fed90c,
        type: 3}
      propertyPath: m_LocalEulerAnglesHint.z
      value: 0.19500001
      objectReference: {fileID: 0}
    - target: {fileID: 5636366986569772638, guid: fda7b8731e134864ba09c82182fed90c,
        type: 3}
      propertyPath: m_LocalScale.x
      value: 0.1
      objectReference: {fileID: 0}
    - target: {fileID: 5636366986569772638, guid: fda7b8731e134864ba09c82182fed90c,
        type: 3}
      propertyPath: m_LocalScale.y
      value: 0.25
      objectReference: {fileID: 0}
    - target: {fileID: 5636366986569772638, guid: fda7b8731e134864ba09c82182fed90c,
        type: 3}
      propertyPath: m_LocalScale.z
      value: 0.1
      objectReference: {fileID: 0}
    - target: {fileID: 8368687356321779865, guid: fda7b8731e134864ba09c82182fed90c,
        type: 3}
      propertyPath: m_Name
      value: Pickup
      objectReference: {fileID: 0}
    - target: {fileID: 8368687356321779865, guid: fda7b8731e134864ba09c82182fed90c,
        type: 3}
      propertyPath: m_IsActive
      value: 0
      objectReference: {fileID: 0}
    m_RemovedComponents: []
  m_SourcePrefab: {fileID: 100100000, guid: fda7b8731e134864ba09c82182fed90c, type: 3}
--- !u!4 &6449991167520599309 stripped
Transform:
  m_CorrespondingSourceObject: {fileID: 5636366986569772638, guid: fda7b8731e134864ba09c82182fed90c,
    type: 3}
  m_PrefabInstance: {fileID: 1709851779006595923}
  m_PrefabAsset: {fileID: 0}
